%% This BibTeX bibliography file was created using BibDesk.
%% http://bibdesk.sourceforge.net/


%% Created for Soumyajit Mazumder at 2016-05-06 13:23:49 -0400 


%% Saved with string encoding Unicode (UTF-8) 



@article{AcemogluJohnsonRobinson2001,
	Author = {Daron Acemoglu and Simon Johnson and James A. Robinson},
	Date-Added = {2016-05-05 16:18:00 +0000},
	Date-Modified = {2016-05-05 16:19:02 +0000},
	Journal = {American Economic Review},
	Number = {5},
	Pages = {1369-1401},
	Title = {The Colonial Origins of Comparative Development: An Empirical Investigation},
	Volume = {91},
	Year = {2001}}

@article{tibshirani1996regression,
	Author = {Tibshirani, Robert},
	Journal = {Journal of the Royal Statistical Society. Series B (Methodological)},
	Pages = {267--288},
	Publisher = {JSTOR},
	Title = {Regression shrinkage and selection via the lasso},
	Year = {1996}}

@article{MP2016,
	Author = {Stelios Michalopoulos and Elias Papaioannou},
	Date-Added = {2016-05-05 01:19:43 +0000},
	Date-Modified = {2016-05-05 01:20:33 +0000},
	Journal = {American Economic Review},
	Title = {The Long-Run Effects of the Scramble for Africa},
	Year = {Forthcoming}}

@article{SchistermanColePlatt2009,
	Author = {Enrique F. Schisterman and Stephen R. Cole and Robert W. Platt},
	Date-Added = {2016-05-05 01:12:50 +0000},
	Date-Modified = {2016-05-05 01:13:47 +0000},
	Journal = {Epidemiology},
	Number = {4},
	Pages = {488-495},
	Title = {Overadjustment Bias and Unnecessary Adjustment in Epidemiologic Studies},
	Volume = {20},
	Year = {2009}}

@article{NunnWantchekon2011,
	Author = {Nathan Nunn and Leonard Wantchekon},
	Date-Added = {2016-05-04 18:25:12 +0000},
	Date-Modified = {2016-05-04 18:26:05 +0000},
	Journal = {American Economic Review},
	Number = {7},
	Pages = {3221-3252},
	Title = {The Slave Trade and the Origins of Mistrust in Africa},
	Volume = {101},
	Year = {2011}}

@inbook{Robins1997,
	Author = {James M. Robins},
	Chapter = {Causal Inference from Complex Longitudinal Data},
	Date-Added = {2016-05-04 02:44:28 +0000},
	Date-Modified = {2016-05-04 02:46:27 +0000},
	Editor = {M. Berkane},
	Pages = {69-117},
	Publisher = {Springer-Verlag},
	Title = {Latent Variable Modeling and Applications to Causality},
	Volume = {120},
	Year = {1997}}

@article{BesleyRQ2014,
	Author = {Timothy Besley and Marta {Reynal-Querol}},
	Date-Added = {2016-05-04 02:03:18 +0000},
	Date-Modified = {2016-05-04 02:04:14 +0000},
	Journal = {American Political Science Review},
	Number = {2},
	Pages = {319-336},
	Title = {The Legacy of Historical Conflict: Evidence from Africa},
	Volume = {108},
	Year = {2014}}

@article{JoffeGreene2009,
	Author = {Marshall M. Joffe and Tom Greene},
	Date-Added = {2016-05-04 02:02:03 +0000},
	Date-Modified = {2016-05-04 02:03:04 +0000},
	Journal = {Biometrics},
	Number = {2},
	Pages = {530-538},
	Title = {Related Causal Frameworks for Surrogate Outcomes},
	Volume = {65},
	Year = {2009}}

@article{Vansteelandt2009,
	Author = {Sijn Vansteelandt},
	Date-Added = {2016-05-04 02:00:04 +0000},
	Date-Modified = {2016-05-04 02:01:14 +0000},
	Journal = {Epidemiology},
	Number = {6},
	Pages = {851-860},
	Title = {Estimating Direct Effects in Cohort and Case-Control Studies},
	Volume = {20},
	Year = {2009}}

@article{AcharyaBlackwellSen2016,
	Author = {Avidit Acharya and Matthew Blackwell and Maya Sen},
	Date-Added = {2016-05-04 01:26:36 +0000},
	Date-Modified = {2016-05-04 01:27:31 +0000},
	Journal = {American Political Science Review},
	Title = {Explaining Causal Findings without Bias: Detecting and Assessing Direct Effects},
	Year = {Forthcoming}}

@article{ImaiEtAl2011,
	Author = {Kosuke Imai and Luke Keele and Dustin Tingley and Teppei Yamamoto},
	Date-Added = {2016-05-04 01:25:00 +0000},
	Date-Modified = {2016-05-04 01:25:57 +0000},
	Journal = {American Political Science Review},
	Number = {4},
	Pages = {765-789},
	Title = {Unpacking the Black Box of Causality: Learning about Causal Mechanisms from Experimental and Observational Studies},
	Volume = {105},
	Year = {2011}}

@article{mehlum2006institutions,
	Author = {Mehlum, Halvor and Moene, Karl and Torvik, Ragnar},
	Journal = {The economic journal},
	Number = {508},
	Pages = {1--20},
	Publisher = {Wiley Online Library},
	Title = {Institutions and the resource curse*},
	Volume = {116},
	Year = {2006}}

@article{henderson_measuring_2012,
	Author = {Henderson, J. Vernon and Storeygard, Adam and Weil, David N},
	Doi = {10.1257/aer.102.2.994},
	Issn = {0002-8282},
	Journal = {American Economic Review},
	Language = {en},
	Month = apr,
	Number = {2},
	Pages = {994--1028},
	Title = {Measuring {Economic} {Growth} from {Outer} {Space}},
	Url = {http:// pubs.aeaweb.org/doi/abs/10.1257/aer.102.2.994},
	Urldate = {2016-05-05},
	Volume = {102},
	Year = {2012},
	Bdsk-Url-1 = {http://%20pubs.aeaweb.org/doi/abs/10.1257/aer.102.2.994},
	Bdsk-Url-2 = {http://dx.doi.org/10.1257/aer.102.2.994}}

@article{hsiang2013quantifying,
	Author = {Hsiang, Solomon M and Burke, Marshall and Miguel, Edward},
	Journal = {Science},
	Number = {6151},
	Pages = {1235367},
	Publisher = {American Association for the Advancement of Science},
	Title = {Quantifying the influence of climate on human conflict},
	Volume = {341},
	Year = {2013}}
